@misc{tensorflow2.17.0,
    title={Release 2.17.0 Notes},
    author={Tensorflow team},
    year={2024},
    url=https://github.com/tensorflow/tensorflow/releases/tag/v2.17.0},
}

@misc{tfliteMicroArduino,
    title        = {TensorFlow Lite Micro Arduino Examples},
    author       = {{TensorFlow Authors}},
    year         = {2021},
    howpublished = {\url{https://github.com/tensorflow/tflite-micro-arduino-examples}},
    note         = {Accessed: 2025-03-24}
}
